@article{Brauer2019final,
  title={The final size of a serious epidemic},
  author={Brauer, Fred},
  journal={Bulletin of mathematical biology},
  volume={81},
  number={3},
  pages={869--877},
  year={2019},
  publisher={Springer}
}

@article{Katriel2012size,
  title={The size of epidemics in populations with heterogeneous susceptibility},
  author={Katriel, Guy},
  journal={Journal of mathematical biology},
  volume={65},
  number={2},
  pages={237--262},
  year={2012},
  publisher={Springer}
}

@article{Miller2012note,
  title={A note on the derivation of epidemic final sizes},
  author={Miller, Joel C},
  journal={Bulletin of mathematical biology},
  volume={74},
  number={9},
  pages={2125--2141},
  year={2012},
  publisher={Springer}
}

@article{Black2015computation,
  title={Computation of epidemic final size distributions},
  author={Black, Andrew J and Ross, Joshua V},
  journal={Journal of theoretical biology},
  volume={367},
  pages={159--165},
  year={2015},
  publisher={Elsevier}
}

@article{Magal2018final,
  title={Final size of a multi-group SIR epidemic model: Irreducible and non-irreducible modes of transmission},
  author={Magal, Pierre and Seydi, Ousmane and Webb, Glenn},
  journal={Mathematical biosciences},
  volume={301},
  pages={59--67},
  year={2018},
  publisher={Elsevier}
}

